<?xml version="1.0" encoding="UTF-8"?><collection xmlns="http://www.loc.gov/MARC21/slim"><record><leader>00385nam--2200145-i-4500</leader><controlfield tag="001">000042422</controlfield><controlfield tag="002">20161230</controlfield><controlfield tag="005">20170122104933</controlfield><controlfield tag="008">060222s1000------------r-----000-0-eng-d</controlfield><datafield ind1=" " ind2=" " tag="100"><subfield code="a">Speakman, J. C</subfield></datafield><datafield ind1=" " ind2=" " tag="245"><subfield code="a">An introduction to the electronic theory of valency</subfield></datafield><datafield ind1=" " ind2=" " tag="260"><subfield code="a">London</subfield><subfield code="b">Edward Arnold</subfield><subfield code="c">1955-1956</subfield></datafield><datafield ind1=" " ind2=" " tag="300"><subfield code="a">VII + 180 p</subfield></datafield><datafield ind1=" " ind2=" " tag="852"><subfield code="a">10308</subfield></datafield><datafield ind1=" " ind2=" " tag="CAT"><subfield code="a">SYS</subfield><subfield code="c">20170122</subfield><subfield code="h">104933</subfield></datafield></record></collection>